@article{Bates1978,
 author = {R. G. Bates and J.B. MacAskill},
 Journal = {Pure \& Appl. Chem.},
 volume = {50},
 pages = {1701â€”1706},
 year = {1978}
}

@article{Kang2016,
 author={Y.O. Kang and J.Y. Jung and D. Cho and O.H. Kwon and JY Cheon and W.M. Park},
 title = {Antimicrobial Silver Chloride Nanoparticles Stabilized with Chitosan Oligomer for the Healing of Burns},
 Journal = {Materials (Basel)},
 year = {2016},
 volume = 9,
 pages = {215},
 doi = {10.3390/ma9040215}
}

@Article{Cai2014,
author ="Cai, Bin and Wang, Jing and Gan, Shiyu and Han, Dongxue and Wu, Zhijian and Niu, Li",
title  ="A distinctive red Ag/AgCl photocatalyst with efficient photocatalytic oxidative and reductive activities",
journal  ="J. Mater. Chem. A",
year  ="2014",
volume  ="2",
issue  ="15",
pages  ="5280-5286",
publisher  ="The Royal Society of Chemistry",
doi  ="10.1039/C3TA15262F",
url  ="http://dx.doi.org/10.1039/C3TA15262F",
}

@misc{MontyPython,
note = {Monty Python was a group of comedians, active between 1969 and 1983, composed by Graham Chapman, John Cleese, Terry Gilliam, Eric Idle, Terry Jones and Michael Palin.},
 url = {https://en.wikipedia.org/wiki/Monty_Python}
} 

@book{Hitchhikers,
  author = {Adams, Douglas},
  title = {The Hitchhiker's Guide to the Galaxy},
  publisher = {Pan Books, London},
  year = {1979}
}


