% This file was created with JabRef 2.9.2.
% Encoding: Cp1252

@MISC{CES,
	title = {Homepage of the Chair for Embedded Systems at the University of Karls-ruhe},
	howpublished={\url{http://ces.univ-karlsruhe.de/}}
}
@inproceedings{Henkel03,
	title={Closing the SoC Design Gap},
	author={Joerg Henkel},
	booktitle={IEEE Computer Volume 36, Issue 9},
	pages={119-121},
	year={September 2003},
	organization={IEEE}
}
@MISC{Henkel06,
	title = {Design and Architectures for Embedded Systems (ESII)},
	author={Joerg Henkel},
	howpublished={\url{http://ces.univ-karlsruhe.de/}},
	organization={University of Karlsruhe, WS06/07}
}
@MISC{ASIPMeister,
	title = {ASIP Meister Homepage (note: this is the new homepage from the founded company; the old academic homepage no longer exists):},
	howpublished={\url{http://www.asip-solutions.com/}}
}
@MISC{HWAFX,
	title = {Virtex-II FF1152 Prototype Board:},
	howpublished={\url{http://www.xilinx.com/univ/xupv5-lx110t.htm/}}
}
@book{Hennessy96,
	title={Computer Architecture – A Quantita-tive Approach},
	author={John L. Hennessy, David A Patterson},
	year={2nd edition 1996},
	publisher={Morgan Kaufmann Publishers, Inc}
}
@MISC{Shaaban01,
	title={“The DLX Architecture”, lecture on ‘Computer Architecture’},
	author={Muhammad Shaaban},
	howpublished={\url{http://meseec.ce.rit.edu/eecc551-winter2001/551-12-5-2001.pdf}}
}
@book{Sailer96,
	title={The DLX Instruction Set Architecture Handbook},
	author={Philip M. Sailer, David R. Kaeli},
	year={1996},
	publisher={Morgan Kaufmann Publishers, Inc}
}
@MISC{DLXsim,
	title={Handbook for DLXsim:},
	howpublished={\url{http://heather.cs.ucdavis.edu/~matloff/dlx.html}}
}
@MISC{DLX-Package,
	title={A composition of the used programs DLXsim, DLXview, DLXgui and DLXcc:},
	howpublished={\url{http://www.ra.informatik.uni-stuttgart.de/~rainer/Lehre/ROTI01/DLX/}}
}
@book{Kalenteridis04,
	title={“A complete platform and toolset for system implementa-tion on fine-grained reconfigurable hardware},
	author={Kalenteridis et al.},
	year={2004},
	publisher={Microprocessors and Mi-crosystems}
}
@Manual{XUG002,
	title        = {UG002: Virtex-II Platform FPGA User Guide},
	organization = {Xilinx Corp.},
	url          = {http://www.xilinx.com/support/documentation/user_guides/ug002.pdf},
}
@Manual{XDS060,
	title        = {“DS060: Spartan and Spartan-XL Families Field Programmable Gate Arrays},
	organization = {Xilinx Corp.},
	url          = {http://www.xilinx.com/support/documentation/data_sheets/ds060.pdf},
}
@MISC{FSM,
	title={Tutorial for VHDL Final State Machines with synchronous and asynchronous process:},
	howpublished={\url{www.gaisler.com/doc/vhdl2proc.pdf}}
}
@MISC{CoSy,
	title={Homepage from ACE, the developers of the CoSy compiler:},
	howpublished={\url{www.ace.nl}}
}
@MISC{eDIP,
	title={Data Sheets for the eDIP LCDs},
	howpublished={\url{http://www.lcd-module.de/deu/dip/edip.htm}}
}
@MISC{RM,
	title={Data Sheets for Brownie STD 32 },
	howpublished={\url{/home/asip00/epp/Documents/BrownieSTD32_Spec_en.pdf}}
}

@book{tehranipoor2011introduction,
  title={Introduction to hardware security and trust},
  author={Tehranipoor, Mohammad and Wang, Cliff},
  year={2011},
  publisher={Springer Science \& Business Media}
}

@inproceedings{jin2008hardware,
  title={Hardware Trojan detection using path delay fingerprint},
  author={Jin, Yier and Makris, Yiorgos},
  booktitle={2008 IEEE International workshop on hardware-oriented security and trust},
  pages={51--57},
  year={2008},
  organization={IEEE}
}

@inproceedings{francq2015introduction,
  title={Introduction to hardware Trojan detection methods},
  author={Francq, Julien and Frick, Florian},
  booktitle={2015 Design, Automation \& Test in Europe Conference \& Exhibition (DATE)},
  pages={770--775},
  year={2015},
  organization={IEEE}
}

@inproceedings{agrawal2007trojan,
  title={Trojan detection using IC fingerprinting},
  author={Agrawal, Dakshi and Baktir, Selcuk and Karakoyunlu, Deniz and Rohatgi, Pankaj and Sunar, Berk},
  booktitle={2007 IEEE Symposium on Security and Privacy (SP'07)},
  pages={296--310},
  year={2007},
  organization={IEEE}
}

@article{aarestad2010detecting,
  title={Detecting Trojans Through Leakage Current Analysis Using Multiple Supply Pads},
  author={Aarestad, Jim and Acharyya, Dhruva and Rad, Reza and Plusquellic, Jim},
  journal={IEEE Transactions on information forensics and security},
  volume={5},
  number={4},
  pages={893--904},
  year={2010},
  publisher={IEEE}
}

@inproceedings{forte2013temperature,
  title={Temperature tracking: An innovative run-time approach for hardware Trojan detection},
  author={Forte, Domenic and Bao, Chongxi and Srivastava, Ankur},
  booktitle={2013 IEEE/ACM International Conference on Computer-Aided Design (ICCAD)},
  pages={532--539},
  year={2013},
  organization={IEEE}
}

@inproceedings{stellari2014verification,
  title={Verification of untrusted chips using trusted layout and emission measurements},
  author={Stellari, Franco and Song, Peilin and Weger, Alan J and Culp, Jim and Herbert, A and Pfeiffer, Dirk},
  booktitle={2014 IEEE international symposium on hardware-oriented security and trust (HOST)},
  pages={19--24},
  year={2014},
  organization={IEEE}
}